<?xml version="1.0" encoding="utf-8"?>
<record xmlns="http://www.loc.gov/MARC21/slim" xmlns:xsi="http://www.w3.org/2001/XMLSchema-instance" xsi:schemaLocation="http://www.loc.gov/MARC21/slim http://www.loc.gov/standards/marcxml/schema/MARC21slim.xsd">
	<leader>     nam a22     Mi 4500</leader>
	<controlfield tag="001">6237</controlfield>
	<controlfield tag="003">aeadna</controlfield>
	<controlfield tag="006">m        d        </controlfield>
	<controlfield tag="007">cr cn |||m|||a</controlfield>
	<controlfield tag="008">210825s19441950ua     fo    n001 p|ara|d</controlfield>
	<datafield ind1=" " ind2=" " tag="040">
		<subfield code="a">ZYU</subfield>
		<subfield code="b">ara</subfield>
		<subfield code="c">ZYU</subfield>
	</datafield>
	<datafield ind1="0" ind2=" " tag="041">
		<subfield code="a">ara</subfield>
	</datafield>
	<datafield ind1="0" ind2="4" tag="050">
		<subfield code="a">PJ7696.Z8</subfield>
		<subfield code="b">Z88 1944</subfield>
	</datafield>
	<datafield ind1="1" ind2="0" tag="082">
		<subfield code="a">811.009</subfield>
		<subfield code="b">21</subfield>
	</datafield>
	<datafield ind1="0" ind2=" " tag="100">
		<subfield code="6">880-01</subfield>
		<subfield code="a">Zuhayr ibn Abī Sulmá.</subfield>
	</datafield>
	<datafield ind1="0" ind2="0" tag="245">
		<subfield code="6">880-02</subfield>
		<subfield code="a">Sharḥ Dīwān Zuhayr ibn Abī Sulmá ̣</subfield>
		<subfield code="h">[electronic resource] /</subfield>
		<subfield code="c">ṣanaʻahu al-Imām Abī al-ʻAbbās Aḥmad ibn Yaḥyá ibn Zayd al-Shaybānī Thaʻlab. wa yalyh sharḥ Dīwān Kaʻb bin Zuhayr /</subfield>
		<subfield code="c">Ṣanʻat Abī Saʻīd al-Ḥasan bin al-Ḥusayn bin ʻUbayd Allāh al-Sukarī.</subfield>
	</datafield>
	<datafield ind1="3" ind2="0" tag="246">
		<subfield code="6">880-03</subfield>
		<subfield code="a">Diwān Zuhayr ibn Abī Sulmá</subfield>
	</datafield>
	<datafield ind1="3" ind2="0" tag="246">
		<subfield code="6">880-04</subfield>
		<subfield code="a">Sharh Diwān Kaʻb bin Zuhayr</subfield>
	</datafield>
	<datafield ind1="3" ind2="0" tag="246">
		<subfield code="6">880-05</subfield>
		<subfield code="a">Diwān Kaʻb bin Zuhayr</subfield>
	</datafield>
	<datafield ind1=" " ind2=" " tag="250">
		<subfield code="6">880-06</subfield>
		<subfield code="a">[Ṭ.1]</subfield>
	</datafield>
	<datafield ind1=" " ind2=" " tag="260">
		<subfield code="6">880-07</subfield>
		<subfield code="a">al-Qāhirah :</subfield>
		<subfield code="b">Maṭbaʻt Dār al-Kutub al-Maṣriyah,</subfield>
		<subfield code="c">1944 M.</subfield>
	</datafield>
	<datafield ind1=" " ind2=" " tag="500">
		<subfield code="a">Non-Latin script record</subfield>
	</datafield>
	<datafield ind1=" " ind2=" " tag="500">
		<subfield code="a">Part of the Arabic Collections Online (ACO) project, contributed by United Arab Emirates National Archives.</subfield>
	</datafield>
	<datafield ind1=" " ind2=" " tag="533">
		<subfield code="a">Electronic reproduction.</subfield>
		<subfield code="b">New York, N.Y. :</subfield>
		<subfield code="c">New York University,</subfield>
		<subfield code="d">2021.</subfield>
		<subfield code="5">NNU</subfield>
	</datafield>
	<datafield ind1="0" ind2="0" tag="600">
		<subfield code="6">880-08</subfield>
		<subfield code="a">Zuhayr ibn Abī Sulmá</subfield>
		<subfield code="v">poetry.</subfield>
	</datafield>
	<datafield ind1="0" ind2="0" tag="600">
		<subfield code="6">880-09</subfield>
		<subfield code="a">Kaʻb ibn Zuhayr</subfield>
		<subfield code="v">poetry</subfield>
	</datafield>
	<datafield ind1=" " ind2="0" tag="650">
		<subfield code="6">880-10</subfield>
		<subfield code="a">Arabic poetry</subfield>
		<subfield code="x">history and criticism</subfield>
	</datafield>
	<datafield ind1=" " ind2="0" tag="650">
		<subfield code="6">880-11</subfield>
		<subfield code="a">Arabic poetry</subfield>
	</datafield>
	<datafield ind1="1" ind2=" " tag="700">
		<subfield code="6">880-12</subfield>
		<subfield code="a">Thaʻlab, Aḥmad ibn Yaḥyá,</subfield>
		<subfield code="d">815-904,</subfield>
		<subfield code="e">commentator.</subfield>
	</datafield>
	<datafield ind1="1" ind2=" " tag="700">
		<subfield code="6">880-13</subfield>
		<subfield code="a">Sukarī, Abū Saʻīd al-Ḥasan bin al-Ḥusayan,</subfield>
		<subfield code="d">827 or 828-888 or 889.</subfield>
		<subfield code="t">Sharh Diwān Kaʻb bin Zuhayr.</subfield>
	</datafield>
	<datafield ind1="0" ind2=" " tag="700">
		<subfield code="6">880-14</subfield>
		<subfield code="a">Zuhayr ibn Abī Sulmá</subfield>
		<subfield code="t">al-Diwān.</subfield>
	</datafield>
	<datafield ind1="0" ind2=" " tag="700">
		<subfield code="6">880-15</subfield>
		<subfield code="a">Kaʻb ibn Zuhayr</subfield>
		<subfield code="t">al-Diwān.</subfield>
	</datafield>
	<datafield ind1="2" ind2=" " tag="710">
		<subfield code="a">Abu Dhabi (United Arab Emirates).</subfield>
		<subfield code="b">National Archives.</subfield>
	</datafield>
	<datafield ind1="0" ind2=" " tag="730">
		<subfield code="a">Arabic Collections Online.</subfield>
	</datafield>
	<datafield ind1="0" ind2="8" tag="776">
		<subfield code="i">Print version:</subfield>
		<subfield code="a">Zuhayr ibn Abī Sulmá.</subfield>
		<subfield code="t">Sharḥ Dīwān Zuhayr ibn Abī Sulmá ̣</subfield>
		<subfield code="w">(aeadna)6237</subfield>
	</datafield>
	<datafield ind1="4" ind2="0" tag="856">
		<subfield code="u">http://hdl.handle.net/2333.1/gb5mkxcb</subfield>
	</datafield>
	<datafield ind1="0" ind2=" " tag="880">
		<subfield code="6">100-01</subfield>
		<subfield code="a">زهير بن أبي سلمى.</subfield>
	</datafield>
	<datafield ind1="1" ind2="0" tag="880">
		<subfield code="6">245-02</subfield>
		<subfield code="a">شرح ديوان زهير بن أبي سلمى/</subfield>
		<subfield code="c">صنعة أبي العباس أحمد بن يحيى بن زيد الشيباني ثعلب. [ويليه]شرح ديوان كعب بن زهير/</subfield>
		<subfield code="c">صنعة أبي سعيد الحسن بن الحسين بن عبيد الله السكري.</subfield>
	</datafield>
	<datafield ind1="3" ind2="0" tag="880">
		<subfield code="6">246-03</subfield>
		<subfield code="a">ديوان زهير بن أبي سلمى</subfield>
	</datafield>
	<datafield ind1="3" ind2="0" tag="880">
		<subfield code="6">246-04</subfield>
		<subfield code="a">شرح ديوان كعب بن زهير</subfield>
	</datafield>
	<datafield ind1="3" ind2="0" tag="880">
		<subfield code="6">246-05</subfield>
		<subfield code="a">ديوان كعب بن زهير</subfield>
	</datafield>
	<datafield ind1=" " ind2=" " tag="880">
		<subfield code="6">250-06</subfield>
		<subfield code="a">[ط.1]</subfield>
	</datafield>
	<datafield ind1=" " ind2=" " tag="880">
		<subfield code="6">260-07</subfield>
		<subfield code="a">القاهرة:</subfield>
		<subfield code="b">مطبعة دار الكتب المصرية،</subfield>
		<subfield code="c">1944م.</subfield>
	</datafield>
	<datafield ind1=" " ind2=" " tag="880">
		<subfield code="6">300-00</subfield>
		<subfield code="a">43، 460، د-غ، 289ص.؛</subfield>
		<subfield code="c">28سم.</subfield>
	</datafield>
	<datafield ind1=" " ind2=" " tag="880">
		<subfield code="6">490-00</subfield>
		<subfield code="a">دار الكتب المصرية: القسم الأدبي.</subfield>
	</datafield>
	<datafield ind1=" " ind2=" " tag="880">
		<subfield code="6">500-00</subfield>
		<subfield code="a">يتضمن كشافات وفهارس</subfield>
	</datafield>
	<datafield ind1=" " ind2=" " tag="880">
		<subfield code="6">500-00</subfield>
		<subfield code="a">الكتاب &quot;هدية سمو الشيخ فالح بن ناصر آل ثاني إلى مكتبة مركز الوثائق والدراسات أبو ظبي&quot;</subfield>
	</datafield>
	<datafield ind1=" " ind2=" " tag="880">
		<subfield code="6">500-00</subfield>
		<subfield code="a">تتضمن نسخة الكتاب طبعتين في مجلد واحد. ويتعلق الأمر بطبعتي 1944 و 1950.</subfield>
	</datafield>
	<datafield ind1=" " ind2=" " tag="880">
		<subfield code="6">500-00</subfield>
		<subfield code="a">يضم هذ المجلد بين دفتيه شرحي : ديوان زهير بن أبي سلمى. ودوان كعب بن زهير.</subfield>
	</datafield>
	<datafield ind1=" " ind2=" " tag="880">
		<subfield code="6">500-00</subfield>
		<subfield code="a">&quot; كمل طبع شرح ديوان كعب بن زهير للسكري&quot; بمطبعة دار الكتب المصرية في يوم الخميس 16 ربيع الأول سنة 1369هـ (5 يناير سنة 1950م).</subfield>
	</datafield>
	<datafield ind1=" " ind2=" " tag="880">
		<subfield code="6">500-00</subfield>
		<subfield code="a">نبذة من سيرة المؤلف  :   إمام الكوفيين في عهده، وثالث ثلاثة قامت على أعمالهم مدرسة الكوفة النحوية، العلامة المحدث، وإمام النحو، صاحب الفصيح والتصانيف، ولد ببغداد في السنة الثانية من خلافة المأمون وبها مات.</subfield>
	</datafield>
	<datafield ind1="0" ind2="4" tag="880">
		<subfield code="6">600-08</subfield>
		<subfield code="a">زهير بن أبي سلمى</subfield>
		<subfield code="v">دواوين وقصائد.</subfield>
	</datafield>
	<datafield ind1="0" ind2="4" tag="880">
		<subfield code="6">600-09</subfield>
		<subfield code="a">كعب بن زهير،</subfield>
		<subfield code="d">ت.646م.</subfield>
		<subfield code="v">دواوين وقصائد.</subfield>
	</datafield>
	<datafield ind1=" " ind2="4" tag="880">
		<subfield code="6">650-10</subfield>
		<subfield code="a">الشعر العربي</subfield>
		<subfield code="x">تاريخ ونقد.</subfield>
	</datafield>
	<datafield ind1=" " ind2="4" tag="880">
		<subfield code="6">650-11</subfield>
		<subfield code="a">الشعر العربي</subfield>
	</datafield>
	<datafield ind1="1" ind2=" " tag="880">
		<subfield code="6">700-12</subfield>
		<subfield code="a">ثعلب، أحمد بن يحيى،</subfield>
		<subfield code="d">815-904 م.</subfield>
		<subfield code="e">شارح</subfield>
	</datafield>
	<datafield ind1="1" ind2=" " tag="880">
		<subfield code="6">700-13</subfield>
		<subfield code="a">السكري، أبو سعيد الحسن بن الحسين،</subfield>
		<subfield code="d">827 أو 828-888أو 889.</subfield>
		<subfield code="t">شرح ديوان كعب بن زهير.</subfield>
	</datafield>
	<datafield ind1="0" ind2=" " tag="880">
		<subfield code="6">700-14</subfield>
		<subfield code="a">زهير بن أبي سلمى</subfield>
		<subfield code="t">الديوان.</subfield>
	</datafield>
	<datafield ind1="0" ind2=" " tag="880">
		<subfield code="6">700-15</subfield>
		<subfield code="a">كعب بن زهير.</subfield>
		<subfield code="t">الديوان.</subfield>
	</datafield>
	<datafield ind1=" " ind2=" " tag="880">
		<subfield code="6">949-00</subfield>
		<subfield code="a">811.009 ث غ ش ر</subfield>
		<subfield code="w">DDC</subfield>
		<subfield code="i">30018000000605</subfield>
		<subfield code="u">06/22/2003</subfield>
		<subfield code="d">09/06/2010</subfield>
		<subfield code="n">0</subfield>
		<subfield code="t">RAR</subfield>
		<subfield code="l">av</subfield>
		<subfield code="m">MAIN</subfield>
		<subfield code="x">RAR</subfield>
	</datafield>
	<datafield ind1=" " ind2=" " tag="959">
		<subfield code="a">NNU</subfield>
		<subfield code="b">WEB</subfield>
		<subfield code="c">GENI</subfield>
		<subfield code="t">0</subfield>
		<subfield code="m">Electronic access</subfield>
		<subfield code="s">01</subfield>
	</datafield>
	<datafield ind1=" " ind2=" " tag="999">
		<subfield code="i">aeadna_6237</subfield>
		<subfield code="s">uaena_aco000019:1</subfield>
		<subfield code="s">uaena_aco000066:1</subfield>
		<subfield code="e">(ERROR-880)(ERROR-SERIES)</subfield>
		<subfield code="s">uaena_aco000019:1</subfield>
		<subfield code="s">uaena_aco000066:1</subfield>
	</datafield>
</record>
